@article{gesbert10,
author = {Gesbert, D. and  Hanly, S. and  Huang, H. and  Shamai Shitz, S. and  Simeone, O. and  Wei Yu},
title = {Multi-Cell MIMO Cooperative Networks: A New Look at Interference},
journal = {IEEE Journal on Selected Areas in Communications},
year = {2010},
month = {December},
pages = {1380-1400},
volume = {28},
number = {9},
}

@article{zhang09,
author = {Jun Zhang and  Runhua Chen and  Andrews, J.G. and  Ghosh, A. and  Heath, R.W.},
title = {Networked MIMO with clustered linear precoding},
journal = {IEEE Transactions on Wireless Communications},
year = {2009},
month = {April},
pages = {1910-1921},
volume = {8},
number = {4},
}

@article{costa83,
author = {Costa, M.},
title = {Writing on Dirty paper (Corresp.)},
journal = {IEEE Transactions on Information Theory},
year = {1983},
month = {May},
pages = {439-441},
volume = {29},
number = {3},
}

@article{caire03,
author = {Caire, G. and  Shamai, S.},
title = {On the achievable throughput of a multiantenna Gaussian broadcast channel},
journal = {IEEE Transactions on Information Theory},
year = {2003},
month = {July},
pages = {1691-1706},
volume = {49},
number = {7},
}

@article{spencer04,
author = {Spencer, Q.H. and  Swindlehurst, A.L. and  Haardt, M.},
title = {Zero-Forcing Methods for Downlink Spatial Multiplexing in Multiuser MIMO Channels},
journal = {IEEE Transactions on Signal Processing},
year = {2004},
month = {February},
pages = {461-471},
volume = {52},
number = {2},
}

@article{foschini06,
author = {Foschini, G.J. and  Karakayali, K. and  Valenzuela, R.A.},
title = {Coordinating multiple antenna cellular networks to achieve enormous spectral efficiency},
journal = {IEE Proceedings-Communications},
year = {2006},
month = {August},
pages = {548-555},
volume = {153},
number = {4},
}

@article{moon13,
	author={Sung-Hyun Moon and Changhee Lee and Sang-Rim Lee and Inkyu Lee},
	journal={Vehicular Technology, IEEE Transactions on},
	title={Joint User Scheduling and Adaptive Intercell Interference Cancelation for MISO Downlink Cellular Systems},
	year={2013},
	month={January},
	volume={62},
	number={1},
	pages={172-181},
}

@article{yoo06,
	author={Taesang Yoo and Goldsmith, A.},
	journal={Selected Areas in Communications, IEEE Journal on},
	title={On the optimality of multiantenna broadcast scheduling using zero-forcing beamforming},
	year={2006},
	month={March},
	volume={24},
	number={3},
	pages={528-541},
}

@article{tulino04,
	author={A. M. Tulino and S. Verd\'u},
	title={Random Matrix Theory and Wireless Communications},
	year={2004},
	month={June},
	volume={1},
	number={1},
	pages={1-182},
	journal={Foundations and Trends in Communications and Information Theory},
}

@manual{cioffi_notes,
	author={J. Cioffi},
	title={EE379C - Advanced Digital Communication - Class Notes - Chapter 4},
	pages={307}
}

@article{shim08,
	author={Shim, S. and Jin Sam Kwak and Heath, R.W. and Andrews, J.G.},
	journal={Wireless Communications, IEEE Transactions on},
	title={Block diagonalization for multi-user MIMO with other-cell interference},
	year={2008},
	volume={7},
	number={7},
	pages={2671-2681},
	keywords={MIMO communication;covariance matrices;filtering theory;interference suppression;multiuser detection;wireless channels;Gaussian matrix channels;block diagonalization;broadcast channels;covariance matrix;interference suppression;multi-user MIMO channels;other-cell interference;whitening filter;Broadcasting;Channel state information;Covariance matrix;Filtering;Filters;Government;Interference suppression;MIMO;Transmitters;Wireless communication},
	doi={10.1109/TWC.2008.070093},
	ISSN={1536-1276},
}

@article{zuleita09,
	author    = {Zuleita Ka Ming Ho and David Gesbert},
	title     = {Balancing Egoism and Altruism on MIMO Interference Channel},
	journal   = {CoRR},
	volume    = {abs/0910.1688},
	year      = {2009},
	ee        = {http://arxiv.org/abs/0910.1688},
	bibsource = {DBLP, http://dblp.uni-trier.de}
}

@inproceedings{papadogiannis10,
	author={Papadogiannis, A. and Alexandropoulos, G.C.},
	booktitle={Fuzzy Systems (FUZZ), 2010 IEEE International Conference on},
	title={The value of dynamic clustering of base stations for future wireless networks},
	year={2010},
	pages={1-6},
	keywords={4G mobile communication;cellular radio;diversity reception;pattern clustering;wireless channels;4G wireless systems;base stations;changing channel conditions;dynamic clustering;macrodiversity;multicell cooperative processing;proximity-based static clustering;wireless channels;wireless networks;Antennas;Clustering algorithms;Heuristic algorithms;Interference;Niobium;Resource management;Wireless communication},
	doi={10.1109/FUZZY.2010.5583933},
	ISSN={1098-7584},
}

@inproceedings{baracca12,
	author={Baracca, P. and Boccardi, F. and Braun, V.},
	booktitle={Wireless Communication Systems (ISWCS), 2012 International Symposium on},
	title={A dynamic joint clustering scheduling algorithm for downlink CoMP systems with limited CSI},
	year={2012},
	pages={830-834},
	keywords={cellular radio;scheduling;CSI;CoMP transmission;UEs measurements;base stations;cellular systems;downlink CoMP systems;downlink coordinated multipoint systems;dynamic joint clustering scheduling algorithm;greedy dynamic joint clustering scheduling algorithm;imperfect channel knowledge;single cell processing systems;user equipments;Channel estimation;Downlink;Dynamic scheduling;Fading;Interference;Joints;Signal to noise ratio},
	doi={10.1109/ISWCS.2012.6328484},
	ISSN={2154-0217},
}

@article{mingyi13,
	author={Mingyi Hong and Ruoyu Sun and Baligh, H. and Zhi-Quan Luo},
	journal={Selected Areas in Communications, IEEE Journal on},
	title={Joint Base Station Clustering and Beamformer Design for Partial Coordinated Transmission in Heterogeneous Networks},
	year={2013},
	volume={31},
	number={2},
	pages={226-240},
	keywords={MIMO communication;array signal processing;cellular radio;radio spectrum management;radiofrequency interference;beamformer design;channel state information;coordination overhead;distributed microbase station;distributed picobase station;group LASSO problem;heterogeneous networks;interference management problem;joint base station clustering;joint transmission;multicell MIMO heterogeneous network;partial coordinated transmission;sparse optimization;user-centric base station;Base stations;Interference;Joints;MIMO;Optimization;Receivers;Vectors;Base Station Clustering;MIMO;Multicell;Partial ComP;Transceiver Design;Wireless Networks},
	doi={10.1109/JSAC.2013.130211},
	ISSN={0733-8716},
}

@inproceedings{lakshmana12,
	author={Lakshmana, T.R. and Botella, C. and Svensson, T.},
	booktitle={Vehicular Technology Conference (VTC Spring), 2012 IEEE 75th},
	title={Partial Joint Processing with Efficient Backhauling in Coordinated Multipoint Networks},
	year={2012},
	pages={1-5},
	keywords={cellular radio;channel coding;codecs;linear codes;particle swarm optimisation;precoding;quality of service;scheduling;backhaul signaling capabilities;base stations;cellular communication systems;central coordination node;channel gain threshold mechanism;coordinated multipoint networks;efficient backhauling;feedback load;linear precoding techniques;partial joint processing;particle swarm optimization;precoder;precoding techniques;quality of service;scheduling;sparse channel state information;stochastic optimization algorithm;users feed back;Channel state information;Convergence;Interference;Joints;Optimization;Particle swarm optimization;Sparse matrices},
	doi={10.1109/VETECS.2012.6240055},
	ISSN={1550-2252},
}

@inproceedings{gong11,
	author={Jie Gong and Sheng Zhou and Zhisheng Niu and Lu Geng and Meng Zheng},
	booktitle={Global Telecommunications Conference (GLOBECOM 2011), 2011 IEEE},
	title={Joint Scheduling and Dynamic Clustering in Downlink Cellular Networks},
	year={2011},
	pages={1-5},
	keywords={cellular radio;cooperative communication;greedy algorithms;interference (signal);precoding;scheduling;base station;cluster-edge users;cooperative transmission;coordinated precoding;downlink cellular networks;dynamic clustering;greedy scheduling algorithm;inter-cluster interference;joint scheduling;proposed jointly;spectral efficiency;system capacity;system complexity;throughput gain;user fairness;Clustering algorithms;Dynamic scheduling;Heuristic algorithms;Interference;Joints;Vectors},
	doi={10.1109/GLOCOM.2011.6133679},
	ISSN={1930-529X},
}

@article{lozano13,
	author={Lozano, A. and Heath, R.W. and Andrews, J.G.},
	journal={Information Theory, IEEE Transactions on},
	title={Fundamental Limits of Cooperation},
	year={2013},
	volume={59},
	number={9},
	pages={5213-5226},
	keywords={channel estimation;cooperative communication;interference (signal);radio networks;spectral analysis;cellular system;degree-of-freedom regime;high-power regime;high-power spectral efficiency scales;in-cluster signals;interference management;interference-limited network;log-scale transmit power;noise-limited network;operational relevance;out-of-cluster interference;partial characterization;pilot-assisted channel estimation;pilot-assisted transmission;power scales;saturation regime;transmit powers;wireless networks;Channel estimation;Coherence;Fading;Interference;Noise;Receivers;Transmitters;Cooperative systems;interference;wireless communications;wireless networks},
	doi={10.1109/TIT.2013.2253153},
	ISSN={0018-9448},
}

@article{zhang10,
	author={Jun Zhang and Andrews, J.G.},
	journal={Selected Areas in Communications, IEEE Journal on},
	title={Adaptive Spatial Intercell Interference Cancellation in Multicell Wireless Networks},
	year={2010},
	volume={28},
	number={9},
	pages={1455-1468},
	keywords={array signal processing;interference suppression;quantisation (signal);radio networks;transmitting antennas;ICIC approach;adaptive feedback strategy;adaptive spatial intercell interference cancellation;cellular system;channel information;dubious metric;induced quantization error;multicell wireless networks;multiple base station;multiple transmit antennas;reward function;single cell beamforming;transmission strategy;Array signal processing;Integrated circuits;Interference cancellation;MIMO;Signal to noise ratio;Throughput;Cellular network;base station coordination;interference cancellation;limited feedback;other-cell interference},
	doi={10.1109/JSAC.2010.101207},
	ISSN={0733-8716},
}

@article{shen06,
	author={Zukang Shen and Runhua Chen and Andrews, J.G. and Heath, R.W. and Evans, B.L.},
	journal={Signal Processing, IEEE Transactions on},
	title={Low complexity user selection algorithms for multiuser MIMO systems with block diagonalization},
	year={2006},
	volume={54},
	number={9},
	pages={3658-3663},
	keywords={MIMO systems;antenna arrays;channel coding;computational complexity;precoding;radio links;base station transmit antennas;block diagonalization;channel energy;downlink multiuser MIMO systems;interuser interference elimination;low-complexity suboptimal user selection algorithms;multiinput multioutput systems;precoding technique;receive antennas;search method;user selection algorithms;Base stations;Broadcasting;Channel capacity;Covariance matrix;Downlink;MIMO;Null space;Receiving antennas;Throughput;Transmitting antennas;Downlink;Frobenius norm;multiple-input multiple-output (MIMO);multiuser;sum capacity},
	doi={10.1109/TSP.2006.879269},
	ISSN={1053-587X},
}
@article{telatar99,
	title={Capacity of Multi-antenna Gaussian Channels},
	author={Telatar, Emre},
	journal={European transactions on telecommunications},
	volume={10},
	number={6},
	pages={585-595},
	year={1999},
	publisher={Wiley Online Library}
}
@article{hosseini13,
	author={Hosseini, K. and Wei Yu and Adve, R.S.},
	booktitle={Information Theory (CWIT), 2013 13th Canadian Workshop on},
	title={Cluster based coordinated beamforming and power allocation for MIMO heterogeneous networks},
	year={2013},
	month={June},
	pages={96-101},
}	
@techreport{3Grel7,
	author = {3GPP},
	title={Multiple Input Multiple Output in UTRA (3GPP TR 25.876  version 7.0.0 Release 7)},
	year={2007},
	month={03},
	institution={3GPP},
	group={Technical Specification Group Radio Access Network},
}
@online{3gpplte,
	author = {3GPP},
	title = {LTE},
	month = {04},
	year = {2014},
	url = {http://www.3gpp.org/LTE},
}
@techreport{lterel8,
	author = {3GPP},
	title={LTE; Evolved Universal Terrestrial Radio Access (E-UTRA); Physical channels and modulation (3GPP TS 36.211 version 8.9.0 Release 8)},
	year={2010},
	month={01},
	institution={3GPP},
}
@techreport{imta,
	author = {ITU-R},
	title={Detailed specifications of the terrestrial radio interfaces of International Mobile Telecommunications-Advanced (IMT-Advanced), Recommendation ITU-R M.2012-1},
	year={2014},
	month={2},
	institution={ITU-R},
	group={M Series Mobile, radiodetermination, amateur and related satellite services},
}
@online{3gppltea,
	author = {3GPP},
	title={LTE-Advanced},
	month = {04},
	year = {2014},
	url = {http://www.3gpp.org/LTE-Advanced},
}
@techreport{lterel11,
	author = {3GPP},
	title = {3rd Generation Partnership Project; Technical Specification Group Radio Access Network; Coordinated multi-point operation for LTE physical layer aspects (Release 11)},
	year = {2011},
	month = {12},
	institution = {3GPP},
}
